2408 4454
115 294 214 377 ute·
446 261 806 379 sunnosrouac

210 472 331 542 Plures
355 470 454 560 hujus
481 473 614 558 generis
627 475 766 562 ‚species
791 477 859 567 jam
886 479 973 547 milri
998 481 1098 549 inuo-

124 577 274 637 ruerunt,
286 559 465 646 Sphaerus
486 560 589 645 vulgo
612 561 810 650 adscriptae;
830 586 907 630 nam
926 567 1097 637 character

124 650 296 740 generiem
317 646 420 731 quoad
441 645 587 732 sporidia
605 646 656 711 ita
674 649 914 727 extendendus,
938 668 1096 743 utsupra

16 780 19 785 »
125 738 361 821 Stilbosporae.
389 730 532 816 'Species
552 729 735 797 Kunzeana
757 742 794 802 P.
812 735 996 813 becelinum,
1017 763 1095 829 ψει·1

124 824 225 892 ridiis
251 816 497 897 fusiformihus,
526 817 626 880 2-3
666 812 736 884 basi
757 819 895 910 junctis,
925 825 1095 910 pedicellie

124 908 257 1000 spuriis,
279 918 434 969 stromate
450 901 624 988 applanato
648 905 745 968 valde
765 906 977 992 insignisset.
1021 909 1093 982 cte.

123 991 210 1082 Myc,
228 991 313 1072 Helt
338 991 368 1055 1.
385 1011 423 1088 p.
446 989 498 1086 17,
518 1000 543 1055 t.
567 991 597 1055 1.
606 987 644 1073 j.
669 991 721 1057 10.
762 991 931 1076 Quantum
949 1019 967 1059 e
986 1019 1091 1085 specc.

121 1076 410 1162 minuscompletrs
427 1072 533 1148 vltle0‚
555 1087 622 1137 tam
639 1082 804 1160 Corynaeus
815 1079 973 1160 corticula,
993 1106 1093 1168 quam

80 1165 84 1171 ⁸
121 1169 315 1248 Stilbosporu
344 1158 501 1243 epiplyttc
522 1155 689 1227 Schwein.
737 1159 811 1230 Car.
840 1185 873 1231 n.
904 1163 984 1243 513,
1015 1169 1091 1239 514.

120 1253 220 1345 hujus
241 1244 379 1336 generis.
414 1246 458 1307 'In
483 1242 543 1309 illu
562 1244 659 1310 video
683 1247 862 1334 perithecia
894 1252 1091 1336 sannater-

120 1355 199 1407 nata
232 1329 439 1410 circinando,
475 1329 535 1393 sub
562 1331 758 1419 epidermide
794 1334 924 1400 corticis
955 1337 1092 1409 Platani

122 1418 349 1500 occidentalis3
388 1415 425 1480 in
459 1415 521 1479 hac
555 1416 734 1502 perithecia
771 1442 897 1505 sparsa,
932 1425 1089 1511 sporitliis

40 1538 43 1551 ¹
121 1504 388 1599 quadriseptatis,
409 1500 624 1589 pedicellatis,
653 1527 712 1590 per
730 1499 964 1592 epidermidem
990 1511 1089 1579 folio·

119 1622 195 1664 rum
219 1591 396 1658 Castaneae
413 1588 624 1673 erumpentia.
665 1588 738 1656 Hoc
748 1614 850 1676 genus
870 1607 902 1656 et
912 1595 978 1659 alia
988 1620 1090 1682 quac·

120 1687 197 1748 dam
221 1674 404 1745 recedentia
430 1672 468 1736 in
496 1673 582 1761 Syst.
610 1673 699 1764 Myc.
732 1680 784 1743 11.
810 1677 956 1764 recipere
977 1683 1086 1768 debui,

120 1794 195 1835 cnm
216 1763 338 1830 limites
365 1759 453 1823 haud
481 1759 607 1825 definiti
636 1776 761 1840 essent,
787 1786 847 1828 nec
869 1765 908 1828 de
936 1767 1086 1853 singulae

120 1852 316 1921 anomaliae¹
332 1861 418 1910 statu
441 1845 585 1909 normali
605 1847 770 1914 convictus
799 1871 912 1919 essem.
952 1851 1001 1918 Ut
1026 1854 1085 1923 alii

119 1943 219 2008 etiam
239 1931 442 2001 considerent
463 1930 564 1994 velim
585 1929 837 2001 diversam-esse
851 1936 1014 2005 rationem
1033 1941 1084 2007 rei

118 2023 319 2098 tractandae,
340 2040 439 2102 quum
459 2015 589 2080 unicam
610 2019 750 2104 speciem
776 2034 902 2086 tantum
926 2023 1084 2092 describi·

119 2112 192 2180 mus
219 2123 250 2175 et
280 2128 380 2192 quum
402 2101 513 2166 omnia
539 2102 670 2167 diverso
695 2106 793 2170 modo
821 2121 958 2174 tractata
979 2133 1083 2199 expo·

117 2198 225 2266 nenda
246 2206 330 2279 sunt.
373 2187 481 2268 Haec,
509 2201 545 2251 ut
566 2211 679 2277 spero,
707 2191 743 2255 iu
764 2215 849 2267 nova
873 2192 1082 2296 Pyrenomy.

118 2278 225 2351 cetum
242 2274 445 2366 expositione
462 2272 600 2340 solvam.
640 2273 731 2340 'l'um
751 2277 848 2345 simul
859 2281 1082 2366 Stslbosporeus

118 2370 243 2460 plenius
260 2381 329 2428 tam
348 2358 514 2448 speciebus
526 2362 775 2446 enumerandis,
796 2386 893 2449 quam
917 2366 1080 2454 sporidio·

116 2481 193 2525 rum
217 2474 305 2517 nexu
327 2469 400 2511 cum
428 2443 510 2508 ascis
538 2447 745 2532 exponendo,
779 2447 824 2518 D.
844 2473 895 2532 v„
924 2454 1079 2526 mactabo,

117 2544 204 2612 Sunt
217 2530 411 2621 descriptae:

117 2651 148 2714 l.
195 2649 247 2704 'St.
277 2649 512 2716 autumpnum,
552 2647 706 2699 stromate
737 2634 901 2701 floccoso·
913 2659 1098 2724 grum0⁸0‚·

199 2719 359 2810 sporidiis'
370 2719 519 2802 stellatis.

147 2833 187 2885 ει,
204 2837 325 2883 asterosp.
358 2825 429 2872 Pers.
451 2824 513 2887 Syn.
528 2837 559 2884 p.
578 2820 621 2874 96.
654 2821 751 2885 Hoffm.
774 2824 902 2873 notescet.
930 2832 974 2880 ΡΙ.
996 2843 1017 2889 t.
1036 2837 1077 2888 13·

171 2900 203 2963 s,
220 2900 247 2946 3.
264 2891 465 2952 Asterosporium
480 2891 632 2945 Hoflmauui.
651 2894 737 2941 Kurra.
748 2891 776 2940 t'n
790 2893 862 2947 Hor.
877 2896 981 2959 Ratae,
1000 2904 1075 2961 1819,

138 2986 141 2993 ·
181 2985 207 3030 p.
224 2967 285 3018 225.
310 2965 404 3024 Moug.
422 2970 445 3008 et
466 2962 550 3015 Nestl.
569 2977 597 3016 rr.
613 2962 675 3009 669.

197 3031 336 3098 Habitus
352 3028 497 3091 omnium
515 3033 696 3115 specierum
721 3027 827 3108 idem,
851 3029 948 3096 etiem
968 3035 1074 3118 color3

111 3120 243 3190 variant
261 3137 387 3203 quoque
414 3113 575 3200 plurimae
597 3110 782 3210 sporidiolis
807 3111 931 3180 larctae
959 3142 1076 3210 opacae

112 3222 143 3272 et
170 3207 222 3270 luis
251 3199 414 3268 evacuatis
447 3197 639 3299 pellucidae.
696 3195 805 3297 Huius
839 3202 984 3286 sporidia
1012 3231 1074 3297 pro

110 3292 239 3359 ratione
258 3309 371 3376 parva.
414 3289 454 3348 In
474 3307 570 3348 rames
597 3295 749 3350 emortuas.
773 3286 821 3364 (v.
837 3291 885 3370 v.)

109 3398 141 3464 2.
197 3399 245 3459 st.
266 3389 476 3470 ceutronum,
504 3399 658 3453 stromate
674 3374 826 3464 floccoso,
845 3388 1001 3538 sporidiis
1022 3393 1074 3459 di·

193 3473 485 3564 gitum-connatis.
504 3509 548 3523 —
583 3475 672 3538 Fries
708 3478 790 3557 Spar.
824 3480 868 3541 Or

190 3561 345 3737 {pidia
374 3645 592 3733 praecedentis
614 3643 751 3726 similia,
780 3666 799 3709 c
823 3643 972 3731 pluribus
995 3672 1074 3716 con·

107 3737 193 3805 natis
214 3735 307 3821 qrrasi
331 3732 436 3807 sacta,
450 3732 525 3805 ,sed
557 3753 669 3796 omnes
699 3729 787 3794 radii
818 3752 919 3797 unam
941 3735 1072 3823 plagam

890 3523 899 3541 .
925 3482 1008 3559 Veg.
1040 3481 1073 3550 l.
