2406 4454
420 308 426 343 ε
462 283 728 373 ouosuson
779 389 781 393 ι
1007 283 1086 362 ¹ass

104 461 166 525 ..οι
181 467 274 514 'mo
306 460 390 521 Cordo
406 459 547 523 ineam.
572 462 593 517 l.
616 478 639 517 c.
658 462 725 524 Hefl
747 462 775 513 6.
802 469 822 530 t.
839 461 868 525 19.
907 459 966 518 Ipso
991 459 1080 530 obses·
1174 429 1178 436 ⁶

165 539 244 579 vante
259 534 381 583 recedere
395 528 462 580 sine
477 531 550 597 Spes.
581 535 606 587 l.
622 548 652 596 p.
671 530 716 582 42.

94 649 98 655 ·
188 613 296 676 solor
307 630 377 678 ater
395 628 426 677 et
439 613 571 679 habitus
581 613 823 680 Racodiacens..
843 605 965 674 Fibsae
979 609 1078 676 dense

94 698 314 784 aggregatae,
343 697 596 781 erectiuseulae‚
627 699 688 765 vix
712 717 880 772 ramosae,
912 717 973 759 nec
997 719 1077 767 vere

95 797 259 873 septatae,
278 785 335 850 sed
352 800 388 849 ut
409 784 522 851 variae
544 785 642 877 hujus
658 783 757 850 seriei
778 781 916 847 obscuro
936 783 1076 845 annula-

95 882 177 947 tae,
195 869 234 934 in
259 884 440 936 tomentum
477 873 614 936 densum
646 882 824 935 contextae.
881 869 1002 953 Sporae
1034 869 1074 932 ad

91 954 127 1021 lt
141 977 202 1021 era
229 955 383 1039 adnatae,
416 981 550 1045 prorsus
581 957 725 1036 sessiles,
763 954 823 1020 sub
855 953 1073 1040 microscopio

89 1064 302 1129 compressae
335 1042 487 1107 emittunt
523 1042 669 1130 sporidia
705 1037 889 1118 indefinita,
913 1039 1071 1126 globosa,

86 1125 270 1217 pellucida.
318 1133 359 1193 lb
379 1129 466 1212 ligno
485 1128 673 1200 decorticata
695 1127 788 1210 Fagi.
810 1127 857 1212 (v.
878 1122 920 1189 ic.
940 1148 983 1190 ex
1006 1149 1070 1211 qua

85 1211 230 1302 saepe>
511 1226 516 1234 ‘
856 1282 859 1287 .
1110 1285 1114 1293 .

85 1331 121 1401 2.
178 1337 220 1400 0.
235 1326 237 1331 ’
250 1334 421 1412 ramosam,
449 1329 543 1396 fibris
569 1330 709 1396 ramosis
733 1320 898 1396 intric'itis
925 1325 1065 1408 diffusis,
1138 1398 1142 1404 ι

93 1447 98 1457 ·
177 1417 287 1507 sporis
309 1415 450 1503 globosis
469 1416 685 1505 pedicellatis.

118 1540 413 1602 Racosliumssmorum.
437 1535 581 1600 scapeia!
607 1532 667 1592 Cor.
686 1554 715 1593 ts.
735 1534 814 1593 1362.
919 1570 930 1581 ι

171 1620 203 1687 F
205 1621 298 1688 ibrae
319 1624 501 1709 contiguae,
521 1643 649 1709 opacae,
674 1623 801 1707 nigrae,
820 1632 945 1697 tenues,
966 1625 1064 1708 paros

85 1708 257 1789 ramosae,
278 1725 419 1775 crustam
433 1724 565 1772 tenuem
586 1722 797 1772 tomentosom
817 1705 858 1784 ad
876 1707 899 1770 4
917 1729 990 1771 unc.
1006 1729 1063 1770 us-

89 1817 147 1945 ppe
172 1817 354 1881 expansam
379 1794 512 1882 sistunu
546 1793 672 1860 fertiles
700 1807 849 1879 surgunt.
893 1789 1063 1880 Sporaee

124 1896 190 1944 tere
214 1881 391 1946 floccorum
414 1879 575 1962 breviter,
603 1894 635 1944 at
655 1879 823 1948 evidenter
838 1877 1059 1967 pedicellatse,

90 1986 187 2051 quare
210 1967 394 2051 secedentes
406 1965 678 2056 appendiculam,
701 1988 828 2053 opacae,
851 1965 977 2048 nigrae,
1001 1986 1061 2027 ex·

86 2067 152 2135 pote
167 2052 343 2137 globosae,
367 2053 403 2117 in
422 2073 504 2138 aqua
524 2075 605 2118 vero
622 2065 825 2116 secernentes
838 2049 982 2199 sporidia
995 2049 1059 2114 mi·
1088 2052 1103 2074 ³
1195 2125 1199 2132 ,

85 2153 180 2214 uota,
217 2139 502 2218 numerosissima,
536 2137 688 2223 globosa,
726 2134 845 2225 polluci
869 2158 905 2217 a,
940 2134 1058 2221 quibus

85 2223 249 2290 evacuatis
270 2249 384 2312 sperae
403 2225 669 2289 membranaceae
682 2222 871 2312 pellucidae.
917 2225 1058 2323 Aprae·
1141 2264 1145 2272 a

85 2310 218 2375 cedente
240 2306 350 2375 differt
369 2324 406 2374 ut
426 2312 604 2395 Mycogoae
625 2333 644 2374 a
662 2309 846 2395 sepedonio,
871 2307 926 2376 sed
941 2330 971 2372 ss
989 2321 1057 2377 tam
1121 2326 1124 2332 ’

85 2394 251 2462 subtiliter
270 2419 390 2482 genera
409 2395 656 2482 distinguimus,
675 2396 804 2483 singula
824 2394 967 2478 genuina
983 2415 1057 2482 spe·
1104 2468 1107 2475 Ι
1127 2422 1129 2426 ·

85 2480 146 2561 teies
167 2482 335 2568 peculiare
365 2495 479 2567 genus,
522 2482 579 2548 Ad
598 2505 700 2547 raneos
719 2483 803 2562 alvos
822 2481 998 2569 Quercttttm
1024 2491 1057 2542 et
1105 2482 1109 2487 ’

85 2568 300 2643 Andromedae
321 2563 469 2633 arboreae
492 2568 526 2629 ia
556 2567 713 2648 Garuliaa.
733 2578 780 2652 (v,
799 2571 841 2654 s.)

85 2687 136 2752 bv
167 2692 209 2754 0.
236 2698 429 2766 truncorum,
460 2683 554 2749 fibris
576 2685 713 2750 ramosis
734 2683 913 2768 intricatio,
946 2666 1057 2770 aporia

161 2772 310 2858 globosis
333 2772 419 2835 haud
441 2767 710 2858 appendiculatis.

160 2874 363 2939 Luculenter
383 2869 532 2958 priorum
552 2895 715 2958 congener
735 2896 832 2938 sensu
854 2888 985 2953 nostro,
1018 2887 1051 2936 st

85 2981 191 3051 sporas
218 2984 287 3025 non
319 2959 469 3038 adnatas,
505 2959 561 3022 sed
591 2957 757 3046 inspersas
781 2957 870 3040 vidi,
897 2977 1050 3044 magnas,
1120 2952 1156 2960 ”

85 3069 208 3135 opem,
228 3059 342 3111 exacte
361 3043 525 3131 globosae,
554 3067 570 3109 s
594 3044 707 3109 oridiis
726 3045 862 3121 facetae,
892 3045 948 3109 sed
969 3044 1051 3107 haec

85 3155 143 3198 son
161 3135 211 3198 ita
233 3131 330 3196 facile
350 3129 512 3198 secedunt.
589 3130 653 3195 udo
671 3131 765 3197 oculo
784 3130 871 3196 sistit
894 3129 1050 3217 caespites

85 3218 236 3300 mauros,
259 3216 491 3293 subrotundos‚
520 3216 727 3303 pulvinatos,
757 3217 893 3283 floccoso
906 3217 1050 3318 -pulve-

85 3326 205 3386 saccos,
229 3325 363 3390 opacos,
385 3316 489 3378 atros,
511 3302 627 3367 babitu
652 3303 815 3387 sequentis
834 3326 979 3388 generis,
1012 3325 1046 3368 v.

85 3414 101 3456 s.
126 3389 330 3476 Myrotriclsi
358 3389 537 3452 chartarum
577 3388 737 3455 destructi.
785 3391 840 3456 Aa
870 3394 1048 3461 truncorum

85 3499 231 3540 :naamam
251 3475 361 3542 discos.
402 3478 434 3538 E
454 3474 623 3540 Germania
638 3474 722 3538 misit
737 3473 795 3542 Fr.
814 3474 910 3542 Nees.
935 3479 984 3554 (v.
1005 3481 1048 3554 s.)

139 3593 283 3655 Descriptio
301 3592 364 3645 ord.
385 3584 606 3641 arscensem
628 3604 680 3644 ests
717 3594 913 3662 ‚,ctsc0sp0sio
934 3605 987 3645 atro
1010 3594 1047 3643 sl-

86 3667 203 3715 rilllmnln
218 3673 337 3725 apparet,
365 3662 449 3711 floccis
467 3667 535 3712 nudo
557 3665 630 3712 oosrlo
653 3665 697 3710 vix
716 3667 865 3725 conspicuis,
901 3666 953 3713 Sub
974 3665 1044 3713 mica.

86 3753 156 3800 osup.
179 3749 242 3786 vero
255 3733 329 3783 llocoi
344 3735 530 3794 apparentatri
547 3734 663 3796 quaen,
690 3743 714 3782 at
732 3737 855 3796 passerius
873 3735 989 3785 distincto
1003 3752 1048 3784 se-
