2408 4454
173 335 243 405 m
534 349 794 421 TAPHRIRA.
831 357 838 374 ¹

175 507 315 576 licuerit.
352 514 396 580 Ei
423 519 598 604 proximae
621 538 698 588 runt
717 519 984 608 Phyllerime,
1010 518 1068 584 sed
1088 518 1150 584 bae

177 616 270 658 mera
286 603 517 669 exanthemata
531 624 608 672 snnt
634 608 708 674 sine
732 606 868 696 propria
891 622 925 670 et
944 606 1150 690 vegetatione

179 695 212 742 ct
236 683 504 767 fructificatione,
535 718 595 758 nec
617 695 708 759 veris
743 693 864 777 fungis
886 691 1067 756 immisceri
1092 692 1150 755 dc-

178 765 267 837 bent.
306 775 388 839 cnm
413 800 496 843 vero
517 782 619 865 vulgo
642 781 732 844 inter
753 779 873 865 fugos
896 794 1045 867 receptae
1072 776 1149 860 sint,

179 858 369 941 appendicia
386 863 458 928 loco
478 886 533 930 eas
557 866 726 934 addemus.
1072 961 1075 965 .

420 1309 463 1374 a
503 1305 763 1375 caenanti.
803 1308 916 1399 enee

215 1443 392 1514 Eriaeispec.
411 1449 491 1502 And.
517 1449 630 1509 Taphi·
648 1463 673 1502 s.
696 1447 827 1509 raptata
849 1449 923 1496 Fn'ea
947 1446 1006 1503 ota.
1026 1449 1101 1513 ³¹90·
1119 1473 1154 1486 -

250 1517 319 1631 {pst
341 1517 404 1636 (gg.
423 1521 495 1581 Τις.
506 1517 616 1584 psalt.
626 1518 755 1575 ΗΜ.
770 1519 792 1575 Ι.
806 1535 831 1572 e.
842 1544 879 1557 -
894 1521 983 1570 Κω.
998 1518 1072 1582 Mye.
1088 1519 1154 1579 ttaejt

297 1602 326 1648 P·
398 1627 407 1646 ι

269 1682 410 1752 CHAR.
447 1687 739 1776 Pseudo-peridia
759 1687 900 1767 elevata,
921 1685 1072 1765 liberata,
1099 1710 1151 1750 ro·

181 1768 495 1850 tundata-clavata,
523 1775 561 1838 in
581 1775 725 1837 maculas
752 1773 891 1836 sericeas
916 1770 1054 1857 stipata,
1082 1796 1153 1835 ma·

181 1854 267 1919 teria
285 1882 441 1943 grumosa
469 1858 804 1947 (spendo-sporidiis)
825 1858 938 1923 [arcu.
1058 1873 1062 1876 ’

155 2023 163 2047 ⁸
268 1959 363 2027 obs.
384 1965 415 2028 l.
455 1961 630 2050 Taphrina
659 1981 739 2048 prae
768 1958 883 2022 ceteris
914 1958 1091 2035 h'beratnr,
1119 1976 1155 2023 nt

182 2041 224 2105 ad
260 2045 540 2137 Gasteromycetes
576 2047 784 2110 referendam
818 2059 945 2108 censeat
972 2047 1035 2109 1tt-
1059 2046 1154 2110 Link

53 2210 56 2216 Ι
182 2125 293 2215 (Spec.
317 2134 348 2199 Ι,
370 2158 403 2220 p,
431 2135 521 2215 152)
566 2132 649 2221 Ejus
675 2155 755 2231 vero
783 2129 1018 2218 physiologicas
1049 2133 1153 2197 ratio·

181 2235 241 2278 nes
261 2219 391 2283 easdem
413 2243 539 2284 esseae
559 2234 781 2302 sequentinm,
799 2217 928 2279 nullam
955 2216 1068 2281 adesse
1096 2241 1154 2282 au·

180 2312 351 2368 tonomam
365 2305 621 2389 vegetationem,
645 2304 772 2366 nullam
784 2301 1062 2388 propagationem,
1083 2328 1154 2368 cer·

181 2399 255 2450 tum
279 2405 338 2456 est.
381 2389 458 2457 lam
479 2389 643 2473 Matpigti
663 2389 701 2451 in
723 2403 861 2451 tractatu
887 2391 928 2450 de
957 2411 1153 2454 umescen-

183 2471 240 2536 tiis
265 2492 297 2540 et
326 2477 509 2541 tumoribus
542 2474 825 2547 exanthematibns
863 2474 1057 2538 adnumerat
1088 2484 1152 2542 Tn-

177 2559 329 2641 pltrt'nam
357 2564 538 2646 populicum
561 2584 588 2628 s.
622 2559 783 2624 Erinenm
814 2581 950 2623 aureum
982 2557 1078 2628 Pers.
1111 2596 1153 2611 -

182 2643 258 2708 Non
285 2662 412 2710 tantum
435 2648 566 2727 habitu,
594 2647 650 2710 sed
671 2646 771 2708 etiam
790 2645 1034 2711 characteribus
1057 2671 1077 2711 a
1100 2672 1177 2728 se·‚

47 2776 52 2782 -
183 2732 357 2813 quentibus
377 2748 505 2797 tantum
530 2732 669 2815 recedit,
688 2747 726 2795 ut
746 2754 867 2816 genere
893 2732 1040 2808 differat,
1069 2735 1104 2799 b.
1126 2758 1151 2797 e.

182 2816 220 2878 in
241 2817 294 2879 bie
317 2820 435 2904 plantis
451 2820 617 2885 diversum
636 2817 877 2901 asequentibus
893 2832 1008 2906 typum
1026 2821 1151 2885 offerat.

183 2901 358 2968 vetustum
378 2906 446 2969 abit
466 2907 503 2969 in
518 2905 661 2968 maculas
687 2903 943 2987 subgelatinosas
962 2904 1151 2990 laevigatas,

184 2998 309 3072 ex‘qno
332 2991 480 3075 analogia
503 2992 661 3075 quaedam
682 3014 757 3052 cum
780 2988 1086 3075 Gymnosporangio
1111 3028 1151 3040 -

183 3074 277 3138 Alias
302 3076 400 3167 hujus
415 3081 560 3141 maculae
581 3076 664 3139 facie
691 3079 769 3138 satis
790 3091 969 3157 congruunt
983 3100 1058 3140 cnm
1078 3078 1152 3164 Spi-

182 3157 307 3234 locaea,
343 3178 376 3227 et
409 3162 636 3252 physiologice
674 3160 877 3225 considerata
918 3160 1000 3223 haec
1032 3185 1152 3248 genera

184 3243 273 3309 haud
296 3249 393 3334 longe
416 3251 548 3314 distant.

272 3351 365 3417 obs.
385 3353 417 3417 2
450 3351 598 3416 incolunt
619 3349 701 3413 folia
716 3348 889 3424 arborum,
912 3350 1069 3413 hactenus
1083 3350 1153 3436 qni·

184 3440 258 3502 dem
280 3439 313 3501 in
331 3440 526 3504 Ameatocet'a
547 3451 674 3500 tantum
688 3436 888 3516 observatae,
909 3437 1008 3517 hujus
1031 3438 1153 3501 sorma-

183 3526 290 3589 tiones
324 3526 446 3611 species
477 3523 715 3608 quodammodo
757 3521 930 3601 dicendae,
968 3524 1152 3586 recedentes

184 3611 250 3675 sito
273 3610 435 3693 aequabili
457 3625 488 3672 et
509 3608 598 3673 toliis
632 3607 802 3681 immerso,
835 3610 945 3671 colore
972 3631 1073 3673 aureo
1098 3615 1153 3690 (T.

178 3697 331 3781 populine
350 3694 449 3760 Grev.
477 3691 591 3782 crypt.
614 3698 699 3761 Scot.
717 3710 739 3757 t.
750 3694 830 3774 33),
855 3693 949 3756 badio
963 3699 1024 3772 (Τ.
1040 3699 1154 3773 clueo),

183 3780 567 3872 purpurescenti-griseo
597 3783 656 3862 (Τ.
689 3779 837 3865 quercina
861 3777 1028 3864 Schmidt,
1060 3780 1154 3846 Eric
